@article{shaw2010video,
  title={What is video game culture? Cultural studies and game studies},
  author={Shaw, Adrienne},
  journal={Games and culture},
  volume={5},
  number={4},
  pages={403--424},
  year={2010},
  publisher={Sage Publications Sage CA: Los Angeles, CA}
}

@book{cassell2000barbie,
  title={From Barbie to Mortal Kombat: gender and computer games},
  author={Cassell, Justine and Jenkins, Henry},
  year={2000},
  publisher={MIT press}
}


@misc{schiesel_2007, 
title={E3; Can Sony Revitalize Its Games? Yes, Maybe}, 
url={http://query.nytimes.com/gst/fullpage.html?res=9D02E6DB1F3EF937A25754C0A9619C8B63},
 journal={The New York Times}, 
publisher={The New York Times}, 
author={Schiesel, Seth}, 
year={2007}, 
month={Jul}
} 

@article{williams2003video,
  title={The video game lightning rod},
  author={Williams, Dmitri},
  journal={Information Communication \& Society},
  volume={6},
  number={4},
  pages={523--550},
  year={2003},
  publisher={Taylor \& Francis}
}

@misc{elliott_2005, 
title={Madison Avenue's Full-Court Pitch to Video Gamers}, 
url={http://www.nytimes.com/2005/10/17/technology/madison-avenues-fullcourt-pitch-to-video-gamers.html},
journal={The New York Times}, 
publisher={The New York Times}, 
author={Elliott, Stuart}, 
year={2005}, 
month={Oct}
} 

@article{consalvo2012confronting,
  title={Confronting toxic gamer culture: A challenge for feminist game studies scholars},
  author={Consalvo, Mia},
  journal={Ada: A Journal of Gender, New Media, and Technology},
  volume={1},
  number={1},
  year={2012}
}

@inproceedings{fron2007hegemony,
  title={The Hegemony of Play.},
  author={Fron, Janine and Fullerton, Tracy and Morie, Jacquelyn Ford and Pearce, Celia},
  booktitle={DiGRA Conference},
  year={2007}
}

@article{skillset_2009,
title={The results of the seventh Census of the Creative Media Industries}, 
journal={2009 Employment Census of the Creative Media Industries}, 
author={SkillSet},
year={2009},
month={Dec}
} 

@article{prescott2011segregation,
  title={Segregation in a male-dominated industry: Women working in the computer games industry},
  author={Prescott, Julie and Bogg, Jan},
  journal={International Journal of Gender, Science and Technology},
  volume={3},
  number={1},
  year={2011}
}

@article {JCC4:JCC4428,
author = {Williams, Dmitri and Yee, Nick and Caplan, Scott E.},
title = {Who plays, how much, and why? Debunking the stereotypical gamer profile},
journal = {Journal of Computer-Mediated Communication},
volume = {13},
number = {4},
publisher = {Blackwell Publishing Inc},
issn = {1083-6101},
url = {http://dx.doi.org/10.1111/j.1083-6101.2008.00428.x},
doi = {10.1111/j.1083-6101.2008.00428.x},
pages = {993--1018},
year = {2008},
}

@article{pearce2008truth,
  title={The truth about baby boomer gamers: A study of over-forty computer game players},
  author={Pearce, Celia},
  journal={Games and Culture},
  volume={3},
  number={2},
  pages={142--174},
  year={2008},
  publisher={Sage Publications Sage CA: Los Angeles, CA}
}

 @misc{surowiecki_2017, 
title={In Praise of Third Place}, 
url={https://www.newyorker.com/magazine/2006/12/04/in-praise-of-third-place}, 
journal={The New Yorker},
 publisher={The New Yorker},
 author={Surowiecki, James},
 year={2017},
 month={Jun}
} 

@misc{marriott_2003,
 title={Fighting Women Enter the Arena, No Holds Barred},
 url={http://www.nytimes.com/2003/05/15/technology/fighting-women-enter-the-arena-no-holds-barred.html},
 journal={The New York Times},
 publisher={The New York Times}, 
author={Marriott, Michel}, 
year={2003}, 
month={May}
}

@inproceedings{shannon2009profiling,
  title={Profiling and targeting opportunities in pervasive advertising},
  author={Shannon, Ross and Stabeler, Matthew and Quigley, Aaron and Nixon, Paddy},
  booktitle={1st Workshop on Pervasive Advertising@ Pervasive},
  year={2009}
}

@article{consalvo2012confronting,
  title={Confronting toxic gamer culture: A challenge for feminist game studies scholars},
  author={Consalvo, Mia},
  journal={Ada: A Journal of Gender, New Media, and Technology},
  volume={1},
  number={1},
  year={2012}
}
